<record xmlns="http://www.loc.gov/MARC21/slim" xmlns:xsi="http://www.w3.org/2001/XMLSchema-instance" xsi:schemaLocation="http://www.loc.gov/MARC21/slim http://www.loc.gov/standards/marcxml/schema/MARC21slim.xsd"><leader>     nam a22        4500</leader><controlfield tag="001">3068148</controlfield><controlfield tag="003">NNC</controlfield><controlfield tag="006">m        d        </controlfield><controlfield tag="007">cr cn |||m|||a</controlfield><controlfield tag="008">150316s1906    ua      o     000 0 ara d</controlfield><datafield ind1=" " ind2=" " tag="040"><subfield code="a">NNU</subfield><subfield code="b">eng</subfield><subfield code="e">rda</subfield><subfield code="c">NNU</subfield></datafield><datafield ind1="1" ind2=" " tag="100"><subfield code="a">Ibn Zaydu&#772;n, Ah&#803;mad ibn &#699;Abd Alla&#772;h,</subfield><subfield code="d">1003 or 1004-1071.</subfield></datafield><datafield ind1="1" ind2="0" tag="245"><subfield code="a">Kita&#772;b izha&#772;r al-maknu&#772;n min al-risa&#772;lah al-jiddi&#772;yah li-Ibn Zaydu&#772;n.</subfield><subfield code="b">Ta&#772;lif Mus&#803;t&#803;afa&#772; &#699;Ina&#772;ni&#772;.</subfield></datafield><datafield ind1=" " ind2=" " tag="260"><subfield code="a">Cairo,</subfield><subfield code="c">1906.</subfield></datafield><datafield ind1=" " ind2=" " tag="300"><subfield code="a">online resource (39 pages)</subfield></datafield><datafield ind1=" " ind2=" " tag="336"><subfield code="a">text</subfield><subfield code="2">rdacontent</subfield></datafield><datafield ind1=" " ind2=" " tag="337"><subfield code="a">computer</subfield><subfield code="2">rdamedia</subfield></datafield><datafield ind1=" " ind2=" " tag="338"><subfield code="a">online resource</subfield><subfield code="2">rdacarrier</subfield></datafield><datafield ind1=" " ind2=" " tag="500"><subfield code="a">2d ed.</subfield></datafield><datafield ind1=" " ind2=" " tag="500"><subfield code="a">Part of the Arabic Collections Online (ACO) project, contributed by Columbia University Libraries.</subfield></datafield><datafield ind1=" " ind2=" " tag="533"><subfield code="a">Electronic reproduction.</subfield><subfield code="b">New York, N.Y. :</subfield><subfield code="c">New York University,</subfield><subfield code="d">2015.</subfield><subfield code="5">NNU</subfield></datafield><datafield ind1="1" ind2="0" tag="600"><subfield code="a">Ibn Zaydu&#772;n, Ah&#803;mad ibn &#699;Abd Alla&#772;h,</subfield><subfield code="d">1003 or 1004-1071</subfield><subfield code="x">Criticism and interpretation.</subfield></datafield><datafield ind1="1" ind2="7" tag="600"><subfield code="a">Ibn Zaydu&#772;n, Ah&#803;mad ibn &#699;Abd Alla&#772;h,</subfield><subfield code="d">1003 or 1004-1071.</subfield><subfield code="2">fast</subfield><subfield code="0">(OCoLC)fst01825586</subfield></datafield><datafield ind1=" " ind2="7" tag="655"><subfield code="a">Criticism, interpretation, etc.</subfield><subfield code="2">fast</subfield><subfield code="0">(OCoLC)fst01411635</subfield></datafield><datafield ind1="1" ind2=" " tag="700"><subfield code="a">&#699;Ina&#772;ni&#772;, Mus&#803;t&#803;afa&#769;.</subfield></datafield><datafield ind1="2" ind2=" " tag="710"><subfield code="a">Columbia University.</subfield><subfield code="b">Libraries.</subfield></datafield><datafield ind1="0" ind2=" " tag="730"><subfield code="a">Arabic Collections Online.</subfield></datafield><datafield ind1="0" ind2="8" tag="776"><subfield code="i">Print version:</subfield><subfield code="a">Ibn Zaydu&#772;n, Ah&#803;mad ibn &#699;Abd Alla&#772;h, 1003 or 1004-1071.</subfield><subfield code="t">Kita&#772;b izha&#772;r al-maknu&#772;n min al-risa&#772;lah al-jiddi&#772;yah li-Ibn Zaydu&#772;n</subfield><subfield code="w">(NNC)3068148</subfield><subfield code="w">(OCoLC)47805868</subfield></datafield><datafield ind1="4" ind2="0" tag="856"><subfield code="u">http://hdl.handle.net/2333.1/b5mkkztd</subfield></datafield><datafield ind1=" " ind2=" " tag="959"><subfield code="a">NNU</subfield><subfield code="b">WEB</subfield><subfield code="c">GENI</subfield><subfield code="t">0</subfield><subfield code="m">Electronic access</subfield><subfield code="s">01</subfield></datafield><datafield ind1=" " ind2=" " tag="999"><subfield code="i">NNC_3068148</subfield><subfield code="o">(OCoLC)ocm47805868 </subfield><subfield code="s">columbia_aco000327</subfield><subfield code="e">(ERROR-880)</subfield></datafield></record>